@Article{shalizi2011homophily,
  title={Homophily and contagion are generically confounded in observational social network studies},
  author={Shalizi, Cosma Rohilla and Thomas, Andrew C},
  journal={Sociological methods \& research},
  volume={40},
  number={2},
  pages={211--239},
  year={2011},
  publisher={Sage Publications}
}

@article{christakis2007spread,
  title={The spread of obesity in a large social network over 32 years},
  author={Christakis, Nicholas A and Fowler, James H},
  journal={New England journal of medicine},
  volume={357},
  number={4},
  pages={370--379},
  year={2007},
  publisher={Mass Medical Soc}
}

@article{rosenbaum1983central,
  title={The central role of the propensity score in observational studies for causal effects},
  author={Rosenbaum, Paul R and Rubin, Donald B},
  journal={Biometrika},
  volume={70},
  number={1},
  pages={41--55},
  year={1983},
  publisher={Biometrika Trust}
}

@book{snijders2007modeling,
  title={Modeling the coevolution of networks and behavior},
  author={Snijders, Tom and Steglich, Christian and Schweinberger, Michael},
  year={2007},
  publisher={na}
}

@article{cohen2008detecting,
  title={Detecting implausible social network effects in acne, height, and headaches: longitudinal analysis},
  author={Cohen-Cole, Ethan and Fletcher, Jason M},
  journal={Bmj},
  volume={337},
  year={2008},
  publisher={BMJ}
}


@article{cacioppo2009alone,
  title={Alone in the crowd: the structure and spread of loneliness in a large social network.},
  author={Cacioppo, John T and Fowler, James H and Christakis, Nicholas A},
  journal={Journal of personality and social psychology},
  volume={97},
  number={6},
  pages={977},
  year={2009},
  publisher={American Psychological Association}
}


@article{fowler2008dynamic,
  title={Dynamic spread of happiness in a large social network: longitudinal analysis over 20 years in the Framingham Heart Study},
  author={Fowler, James H and Christakis, Nicholas A and others},
  journal={Bmj},
  volume={337},
  pages={a2338},
  year={2008},
  publisher={BMJ Publishing Group Ltd}
}

@article{aral2009distinguishing,
  title={Distinguishing influence-based contagion from homophily-driven diffusion in dynamic networks},
  author={Aral, Sinan and Muchnik, Lev and Sundararajan, Arun},
  journal={Proceedings of the National Academy of Sciences},
  volume={106},
  number={51},
  pages={21544--21549},
  year={2009},
  publisher={National Acad Sciences}
}

@article{christakis2013social,
  title={Social contagion theory: examining dynamic social networks and human behavior},
  author={Christakis, Nicholas A and Fowler, James H},
  journal={Statistics in medicine},
  volume={32},
  number={4},
  pages={556--577},
  year={2013},
  publisher={Wiley Online Library}
}

